@article{kohli2017role,
  title={Role of Modular Polyketide Synthases in the Production of Polyether Ladder Compounds in Ciguatoxin-Producing \emph{Gambierdiscus polynesiensis} and \emph{G. excentricus} ({D}inophyceae)},
  author={Kohli, Gurjeet S and Campbell, Katrina and John, Uwe and Smith, Kirsty F and Fraga, Santiago and Rhodes, Lesley L and Murray, Shauna A},
  journal={Journal of Eukaryotic Microbiology},
  year={2017},
  publisher={Wiley Online Library}
}
@article{keeling2014marine,
title={The {M}arine {M}icrobial {E}ukaryote {T}ranscriptome {S}equencing {P}roject {(MMETSP)}: illuminating the functional diversity of eukaryotic life in the oceans through transcriptome sequencing},
author={Keeling, Patrick J and Burki, Fabien and Wilcox, Heather M and Allam, Bassem and Allen, Eric E and Amaral-Zettler, Linda A and Armbrust, E Virginia and Archibald, John M and Bharti, Arvind K and Bell, Callum J and others},
journal={PloS one},
year={2014}
}
